[gd_scene load_steps=5 format=2]

[ext_resource path="res://HUD/HUD.gd" type="Script" id=1]
[ext_resource path="res://Fonts/Rachana-Regular.ttf" type="DynamicFontData" id=2]

[sub_resource type="DynamicFont" id=1]
size = 25
font_data = ExtResource( 2 )

[sub_resource type="DynamicFont" id=2]
size = 25
font_data = ExtResource( 2 )

[node name="HUD" type="Control"]
anchor_right = 1.0
anchor_bottom = 1.0
script = ExtResource( 1 )
__meta__ = {
"_edit_use_anchors_": false
}

[node name="Bar" type="VBoxContainer" parent="."]
anchor_bottom = 1.0
margin_top = 31.0
__meta__ = {
"_edit_use_anchors_": false
}

[node name="LevelLabel" type="Label" parent="Bar"]
margin_right = 190.0
margin_bottom = 34.0
custom_fonts/font = SubResource( 1 )
__meta__ = {
"_edit_use_anchors_": false
}

[node name="GoldLabel" type="Label" parent="Bar"]
margin_top = 38.0
margin_right = 190.0
margin_bottom = 72.0
custom_fonts/font = SubResource( 2 )

[node name="Obj0" type="Label" parent="Bar"]
modulate = Color( 1, 0, 0, 1 )
margin_top = 76.0
margin_right = 190.0
margin_bottom = 110.0
custom_fonts/font = SubResource( 2 )
text = "Find the wagon"

[node name="Obj1" type="Label" parent="Bar"]
modulate = Color( 1, 0, 0, 1 )
margin_top = 114.0
margin_right = 190.0
margin_bottom = 148.0
custom_fonts/font = SubResource( 2 )
text = "Kill the boss"

[node name="Obj2" type="Label" parent="Bar"]
modulate = Color( 1, 0, 0, 1 )
margin_top = 152.0
margin_right = 190.0
margin_bottom = 186.0
custom_fonts/font = SubResource( 2 )
text = "Reach the 7th level"
